@webpage{SunTsu,
    author = {Faktalink},
    title = {The Art of War},
    url = {https://faktalink.dk/titelliste/efte/eftehist},
    year = {2023},
}

@webpage{stasi,
    author = {Cameron Joel},
    title = {Stasi},
    url = {https://www.britannica.com/topic/Stasi},
    year = {2024},   
}

@webpage{guillaume,
    author = {Eckard Dr Michels},
    title = {Günter Guillaume: East Germanys most famous spy},
    url = {http://blogs.bbk.ac.uk/research/2013/02/15/186/},
    year = {2013},   
}

@webpage{LockeFaktalink,
    author = {Faktalink},
    title = {Betydningen af Oplysningstiden for sam- og eftertiden},
    url = {https://faktalink.dk/titelliste/oply/oplybety},
    year = {2023},
}

@book{LockeBog,
    author = {John Locke},
    title = {Two Treatises of Government},
    year = {1823},
    publisher = {McMaster University Archive of the History of EconomicThought},
    url = {https://www.yorku.ca/comninel/courses/3025pdf/Locke.pdf},
}

@webpage{foa,
    author = {FOA},
    title = {Vejledning om overvågning},
    url = {https://www.foa.dk/raad-regler/tillidsvalgt/afdelingssider-tillidsvalgte/sosu-tillidsvalgte/arbejdsmiljoe/overvaagning},
    year = {2023},
}