@webpage{OperationsDownfall,
   author = {Samuel J. Cox},
   journal = {Naval History and Heritage Command},
   title = {H-057-1: Operations Downfall and Ketsugo â€“ November 1945},
   url = {https://www.history.navy.mil/about-us/leadership/director/directors-corner/h-grams/h-gram-057/h-057-1.html},
}

@webpage{TrumanSpeech,
   author = {Harry S. Truman},
   journal = {Miller Center},
   month = {8},
   title = {Statement by the President Announcing the Use of the A-Bomb at Hiroshima},
   url = {https://millercenter.org/the-presidency/presidential-speeches/august-6-1945-statement-president-announcing-use-bomb},
   year = {1945},
}
@webpage{EinsteinLetter,
   author = {Albert Einstein},
   journal = {atomic archive},
   title = {Einstein'sletter to President Roosevelt},
   year = {1939},
   url = {hhttps://www.osti.gov/opennet/manhattan-project-history/Events/1939-1942/einstein_letter.htm},
}
@webpage{DroppingTheBomb,
   journal = {Harry trumans libary},
   title = {Decision to Drop the Atomic Bomb},
   url = {https://www.trumanlibrary.gov/education/presidential-inquiries/decision-drop-atomic-bomb},
}
@webpage{timeline,
   journal = {National Park Service},
   title = {Manhatten Project Timeline},
   url = {https://www.nps.gov/mapr/learn/historyculture/timeline.htm},
}
@webpage{MaxPlanckInstitute,
   journal = {Max planck institute for chemistry},
   title = {The Discovery of Nuclear fission},
   url = {https://www.mpic.de/4469988/die-entdeckung-der-kernspaltung},
}
@webpage{NPS,
   journal = {National Park Service},
   title = {What is the Manhatten project?},
   url = {https://www.nps.gov/mapr/learn/manhattan-project.htm},
}
@generic{RomoloTavani2018,
   author = {RomoloTavani},
   month = {5},
   publisher = {IStockphoto},
   title = {Nuclear Bomb Explosion - Mushroom Cloud stock photo},
   year = {2018},
}
